%% This BibTeX bibliography file was created using BibDesk.
%% http://bibdesk.sourceforge.net/


%% Created for Jérémie at 2011-09-13 15:24:45 +0200 


%% Saved with string encoding Unicode (UTF-8) 


@misc{booksim,
 title={Booksim2 Simulation Platform },
 url={https://github.com/booksim/booksim2},
 note={(Last modification on 27 Jun 2017)},
 }
 
 @misc{datacenter,
 title={Data Center Networks Coursework },
 url={https://seis.bristol.ac.uk/~sy13201/DCN/Lab\%20Note.html},
 }


